@misc{PAG,
  title = {Página da cadeira},
  howpublished = {http://www.cin.ufpe.br/~if680/},
  note = {Accessed: 25-10-2018}
}
@misc{PUCRS,
  title = {O que é Processamento Gráfico?},
  howpublished = {https://www.inf.pucrs.br/manssour/Publicacoes/TutorialSib2006.pdf},
  note = {Accessed: 25-10-2018}
}

@misc{CADEIRAS,
  title = {Grade Curricular},
  howpublished = {https://docs.google.com/a/cin.ufpe.br/viewer?a=v&pid=sites&srcid=Y2luLnVmcGUuYnJ8aWY2Njh8Z3g6M2NjYTIxNWU3ZjVkOWIw},
  note = {Accessed: 25-10-2018}
}



